@misc{francois2017deep,
  title={Deep learning with Python},
  author={Francois, Chollet},
  year={2017},
  publisher={Manning Publications Company}
}

@article{buchanan2005very,
  title={A (very) brief history of artificial intelligence},
  author={Buchanan, Bruce G},
  journal={Ai Magazine},
  volume={26},
  number={4},
  pages={53--53},
  year={2005}
}

@MISC{copeland2020ai,
author = {Copeland, B.J.},
title = {Artificial intelligence},
month = {march},
year = {2020},
publisher={Encyclopædia Britannica, inc.},
howpublished={\url{https://www.britannica.com/technology/artificial-intelligence}}
}

@MISC{modeloPrototipos1,
title = {Modelo de prototipos},
howpublished={\url{https://www.ecured.cu/Modelo_de_prototipos}}
}

@MISC{modeloPrototipos2,
title = {Modelo de prototipos},
publisher={Universidad Nacional Autónoma de México},
howpublished={\url{https://sites.google.com/site/modelodeprototipo/home}}
}

@MISC{ventajasDesventajasPrototipos,
title = {Ventajas y Desventajas del Uso de Prototipos},
author={Salazar, Lucho},
howpublished={\url{http://www.gazafatonarioit.com/2012/07/ventajas-y-desventajas-del-uso-de.html}}
}
}

@MISC{pastor2008inteligencia,
title = {Qué es la inteligencia artificial},
author={Pastor, Javier},
publisher={Xataka},
month = {october},
year = {2018},
howpublished={\url{https://www.xataka.com/robotica-e-ia/que-inteligencia-artificial}}
}

@MISC{chugh2008mltypes,
title = {Types of Machine Learning and Top 10 Algorithms Everyone Should Know},
author={Chugh, Jay},
publisher={Oracle},
month = {december},
year = {2018},
howpublished={\url{https://blogs.oracle.com/datascience/types-of-machine-learning-and-top-10-algorithms-everyone-should-know-v2}}
}

@MISC{ceralyticsMLtypes,
title = {Types of Machine Learning and Top 10 Algorithms Everyone Should Know},
publisher={Ceralytics},
howpublished={\url{https://www.ceralytics.com/3-types-of-machine-learning/}}
}

@MISC{apd2019ml,
title = {¿Qué es Machine Learning y cómo funciona?},
publisher={Redacción APD},
month = {march},
year = {2019},
howpublished={\url{https://www.apd.es/que-es-machine-learning/#:~:text=Machine\%20Learning\%20o\%20Aprendizaje\%20autom\%C3\%A1tico,de\%20datos\%20en\%20su\%20sistema.}}
}

@MISC{calameoModeloPrototipado,
title = {Ventajas y desventajas entre modelo espiral y prototipado},
howpublished={\url{https://en.calameo.com/read/0001926280fcbadbc3f98
}},
note = {Accessed: 2020-09-04}
}

@MISC{gymDocumentation,
title = {Gym Documentation},
howpublished={\url{https://gym.openai.com/docs/
}},
note = {Accessed: 2020-09-04}
}

@MISC{kerasDocumentation,
title = {Keras Documentation},
howpublished={\url{https://keras.io/about/
}},
note = {Accessed: 2020-10-04}
}


@incollection{nilsson2007physical,
  title={The physical symbol system hypothesis: status and prospects},
  author={Nilsson, Nils J},
  booktitle={50 years of artificial intelligence},
  pages={9--17},
  year={2007},
  publisher={Springer}
}

@article{mcculloch1943logical,
  title={A logical calculus of the ideas immanent in nervous activity},
  author={McCulloch, Warren S and Pitts, Walter},
  journal={The bulletin of mathematical biophysics},
  volume={5},
  number={4},
  pages={115--133},
  year={1943},
  publisher={Springer}
}

@article{russell2002artificial,
  title={Artificial intelligence: a modern approach},
  author={Russell, Stuart and Norvig, Peter},
  year={2002}
}

@MISC{iaWikipedia,
title = {Inteligencia artificial},
howpublished={\url{https://es.wikipedia.org/wiki/Inteligencia_artificial
}},
note = {Accessed: 2020-10-05}
}

@book{shortliffe2012computer,
  title={Computer-based medical consultations: MYCIN},
  author={Shortliffe, Edward},
  volume={2},
  year={2012},
  publisher={Elsevier}
}

@incollection{newell2007computer,
  title={Computer science as empirical inquiry: Symbols and search},
  author={Newell, Allen and Simon, Herbert A},
  booktitle={ACM Turing award lectures},
  pages={1975},
  year={2007}
}

@MISC{tensorflowWikipedia,
title = {Tensorflow},
howpublished={\url{https://es.wikipedia.org/wiki/TensorFlow
}},
note = {Accessed: 2020-09-05}
}

@MISC{openAI2019MARL,
title = {Emergent Tool Use from
Multi-Agent Interaction},
howpublished={\url{https://openai.com/blog/emergent-tool-use/

}},
note = {Accessed: 2020-09-06}
}


@MISC{medium2019NNVideoGames,
title = {An Exploration of Neural Networks Playing Video Games},
howpublished={\url{https://towardsdatascience.com/an-exploration-of-neural-networks-playing-video-games-3910dcee8e4a
}},
note = {Accessed: 2020-09-06}
}

@MISC{bostonDynamics,
title = {Boston Dynamics},
howpublished={\url{https://www.bostondynamics.com/
}},
note = {Accessed: 2020-09-07}
}

@MISC{bdyn2018doors,
title = {New dog-like robot from Boston Dynamics can open doors},
howpublished={\url{https://www.youtube.com/watch?v=wXxrmussq4E
}},
note = {Accessed: 2020-09-07}
}

@inproceedings{bimbraw2015autonomous,
  title={Autonomous cars: Past, present and future a review of the developments in the last century, the present scenario and the expected future of autonomous vehicle technology},
  author={Bimbraw, Keshav},
  booktitle={2015 12th international conference on informatics in control, automation and robotics (ICINCO)},
  volume={1},
  pages={191--198},
  year={2015},
  organization={IEEE}
}

@MISC{artbreeder,
title = {Artbreeder},
howpublished={\url{https://www.artbreeder.com/browse
}},
note = {Accessed: 2020-09-07}
}

@MISC{deepmind2017AI,
title = {Google's DeepMind AI Just Taught Itself To Walk
},
howpublished={\url{https://www.youtube.com/watch?v=gn4nRCC9TwQ
}},
note = {Accessed: 2020-09-07}
}

@MISC{rubik2019openai,
title = {Solving Rubik’s Cube with a Robot Hand
},
howpublished={\url{https://openai.com/blog/solving-rubiks-cube/
}},
note = {Accessed: 2020-09-07}
}

@MISC{jukebox2020openai,
title = {Jukebox
},
howpublished={\url{https://openai.com/blog/jukebox/
}},
note = {Accessed: 2020-09-07}
}

@MISC{theverge2020artbreeder,
title = {How a designer used AI and Photoshop to bring ancient Roman emperors back to life
},
howpublished={\url{https://www.theverge.com/2020/8/21/21395115/roman-emperors-photorealistic-portraits-ai-artbreeder-dan-voshart
}},
note = {Accessed: 2020-09-07}
}

@MISC{openai2019five,
title = {OpenAI Five},
howpublished={\url{https://openai.com/projects/five/}},
note = {Accessed: 2020-09-07}
}

@article{berner2019dota,
  title={Dota 2 with large scale deep reinforcement learning},
  author={Berner, Christopher and Brockman, Greg and Chan, Brooke and Cheung, Vicki and D{\k{e}}biak, Przemys{\l}aw and Dennison, Christy and Farhi, David and Fischer, Quirin and Hashme, Shariq and Hesse, Chris and others},
  journal={arXiv preprint arXiv:1912.06680},
  year={2019}
}

@MISC{deepmind2017walking,
title = {Producing flexible behaviours in simulated environments},
howpublished={\url{
https://deepmind.com/blog/article/producing-flexible-behaviours-simulated-environments}},
note = {Accessed: 2020-09-07}
}

@MISC{wikiAILanguages,
title = {List of programming languages for artificial intelligence},
howpublished={\url{https://en.wikipedia.org/wiki/List_of_programming_languages_for_artificial_intelligence}},
note = {Accessed: 2020-09-10}
}

@MISC{matplotlib,
title = {Matplotlib},
howpublished={\url{https://matplotlib.org/}},
note = {Accessed: 2020-09-10}
}

@MISC{matplotlibGallery,
title = {Matplotlib Gallery},
howpublished={\url{https://matplotlib.org/gallery/index.html}},
note = {Accessed: 2020-09-10}
}

@MISC{matplotlibUserEvents,
title = {Matplotlib User Events},
howpublished={\url{https://matplotlib.org/3.1.1/users/event_handling.html}},
note = {Accessed: 2020-09-10}
}

@MISC{numpyDoc,
title = {Numpy Documentation},
howpublished={\url{https://numpy.org/doc/stable/user/whatisnumpy.html}},
note = {Accessed: 2020-09-10}
}

@MISC{pandasDoc,
title = {Pandas Documentation},
howpublished={\url{https://pandas.pydata.org/docs/index.html}},
note = {Accessed: 2020-09-10}
}

@MISC{pandasSplitApplyCombine,
title = {Pandas split-apply-combine},
howpublished={\url{https://pandas.pydata.org/docs/user_guide/groupby.html}},
note = {Accessed: 2020-09-10}
}

@MISC{mediumRLBootcampAI,
title = {Reinforcement Learning — Aprendizaje por refuerzo},
howpublished={\url{https://medium.com/@bootcampai/reinforcement-learning-aprendizaje-por-refuerzo-c34bb085bb5}},
note = {Accessed: 2020-09-10}
}

@MISC{mediumExplorationRL,
title = {Exploration in Reinforcement Learning},
howpublished={\url{https://towardsdatascience.com/exploration-in-reinforcement-learning-e59ec7eeaa75#:~:text=In\%20Reinforcement\%20Learning\%2C\%20this\%20type,when\%20you\%20try\%20something\%20new.&text=In\%20Reinforcement\%20Learning\%20on\%20the,figuring\%20out\%20the\%20best\%20strategy.}},
note = {Accessed: 2020-09-10}
}

@MISC{datasciRLOpenAI,
title = {Reinforcement Q-Learning from Scratch in Python with OpenAI Gym},
howpublished={\url{https://www.learndatasci.com/tutorials/reinforcement-q-learning-scratch-python-openai-gym/}},
note = {Accessed: 2020-09-12}
}

@MISC{alexlenailNN,
title = {Publication-ready NN-architecture schematics},
howpublished={\url{http://alexlenail.me/NN-SVG/index.html}},
note = {Accessed: 2020-09-12}
}

@MISC{gymCore,
title = {gym/gym/core.py},
howpublished={\url{https://github.com/openai/gym/blob/master/gym/core.py}},
note = {Accessed: 2020-09-13}
}


@MISC{kerasSequential,
title = {Keras Sequential Model},
howpublished={\url{https://keras.io/guides/sequential_model/}},
note = {Accessed: 2020-09-13}
}

@MISC{stack2017expreplay,
title = {What is “experience replay” and what are its benefits?},
howpublished={\url{https://datascience.stackexchange.com/questions/20535/what-is-experience-replay-and-what-are-its-benefits}},
note = {Accessed: 2020-09-14}
}

@MISC{deeplizardReplay,
title = {Replay Memory Explained - Experience For Deep Q-Network Training},
howpublished={\url{https://deeplizard.com/learn/video/Bcuj2fTH4_4}},
note = {Accessed: 2020-09-15}
}

@MISC{git,
title = {Git},
howpublished={\url{https://github.com/magheata/Matrix_Agent}},
note = {Accessed: 2020-09-15}
}

@MISC{csQLearning,
title = {Aprendizaje por refuerzo: algoritmo Q Learning},
howpublished={\url{http://www.cs.us.es/~fsancho/?e=109}},
note = {Accessed: 2020-09-16}
}

@MISC{lilLogRL,
title = {A (Long) Peek into Reinforcement Learning},
howpublished={\url{https://lilianweng.github.io/lil-log/2018/02/19/a-long-peek-into-reinforcement-learning.html#what-is-reinforcement-learning}},
note = {Accessed: 2020-09-16}
}

@MISC{mediumMarkovRL,
title = {Reinforcement Learning : Markov-Decision Process},
howpublished={\url{https://towardsdatascience.com/introduction-to-reinforcement-learning-markov-decision-process-44c533ebf8da}},
note = {Accessed: 2020-09-16}
}

@MISC{randomantRL,
title = {The Algorithm Behind the Curtain: Reinforcement Learning Concepts},
howpublished={\url{https://randomant.net/reinforcement-learning-concepts/}},
note = {Accessed: 2020-09-17}
}

@MISC{limitacionesEnfoqueSimbolico,
title = {Desarrollo de la Inteligencia Artificial: Limitaciones y Posibilidades},
howpublished={\url{https://repositorio.comillas.edu/xmlui/bitstream/handle/11531/22334/TFG\%20-\%20Arrieta\%20MartA\%C2\%ADnez\%2C\%20A\%20lvaro.pdf?sequence=1&isAllowed=y}},
note = {Accessed: 2020-09-18}
}

@MISC{estadisticaDescriptiva,
title = {Estadística descriptiva de los datos},
howpublished={\url{https://www.fisterra.com/formacion/metodologia-investigacion/estadistica-descriptiva-datos/#23150}},
note = {Accessed: 2020-09-18}
}

@MISC{estadisticaGeneralizar,
title = {Qué es la generalización y por qué se habla generalizando},
howpublished={\url{https://www.revistanuve.com/que-es-la-generalizacion-y-por-que-se-habla-generalizando/}},
note = {Accessed: 2020-09-18}
}

@book{fernandez2002estadistica,
  title={Estad{\'\i}stica descriptiva},
  author={Fern{\'a}ndez, Santiago Fern{\'a}ndez and S{\'a}nchez, Jos{\'e} Mar{\'\i}a Cordero and C{\'o}rdoba, Alejandro and Largo, Alejandro C{\'o}rdoba},
  year={2002},
  publisher={Esic Editorial}
}

@MISC{learningRate,
title = {Learning rate},
howpublished={\url{https://en.wikipedia.org/wiki/Learning_rate#:~:text=In\%20machine\%20learning\%20and\%20statistics,minimum\%20of\%20a\%20loss\%20function.}},
note = {Accessed: 2020-09-22}
}

@MISC{learningRateImage,
title = {Setting the learning rate of your neural network},
howpublished={\url{https://www.jeremyjordan.me/nn-learning-rate/}},
note = {Accessed: 2020-09-22}
}

@MISC{activationFunctionTypes,
title = {7 Types of Neural Network Activation Functions: How to Choose?},
howpublished={\url{https://missinglink.ai/guides/neural-network-concepts/7-types-neural-network-activation-functions-right/#:~:text=Linear\%20Activation\%20Function&text=It\%20takes\%20the\%20inputs\%2C\%20multiplied,not\%20just\%20yes\%20and\%20no.}},
note = {Accessed: 2020-09-23}
}