@misc{francois2017deep,
  title={Deep learning with Python},
  author={Francois, Chollet},
  year={2017},
  publisher={Manning Publications Company}
}

@article{buchanan2005very,
  title={A (very) brief history of artificial intelligence},
  author={Buchanan, Bruce G},
  journal={Ai Magazine},
  volume={26},
  number={4},
  pages={53--53},
  year={2005}
}

@MISC{copeland2020ai,
author = {Copeland, B.J.},
title = {Artificial intelligence},
month = {march},
year = {2020},
publisher={Encyclopædia Britannica, inc.},
howpublished={\url{https://www.britannica.com/technology/artificial-intelligence}}
}

@MISC{modeloProtitipos,
title = {Modelo de prototipos},
howpublished={\url{https://www.ecured.cu/Modelo_de_prototipos}}
}

@MISC{procesosAnalisisSoftware,
title = {Metodologías y procesos de análisis de software},
publisher={Universidad Nacional Autónoma de México},
howpublished={\url{http://www.ptolomeo.unam.mx:8080/xmlui/bitstream/handle/132.248.52.100/175/A5\%20Cap\%C3\%ADtulo\%202.pdf?sequence=5#:~:text=Cuando\%20se\%20utiliza\%20un\%20modelo,un\%20producto\%20esencial\%20(n\%C3\%BAcleo).&text=A\%20diferencia\%20de\%20la\%20construcci\%C3\%B3n,producto\%20operacional\%20con\%20cada\%20incremento.}}
}

@MISC{modeloPrototpios,
title = {Modelo de prototipos},
publisher={Universidad Nacional Autónoma de México},
howpublished={\url{https://sites.google.com/site/modelodeprototipo/home}}
}

@MISC{ventajasDesventajasPrototipos,
title = {Ventajas y Desventajas del Uso de Prototipos},
author={Salazar, Lucho},
howpublished={\url{http://www.gazafatonarioit.com/2012/07/ventajas-y-desventajas-del-uso-de.html}}
}
}

@MISC{pastor2008inteligencia,
title = {Qué es la inteligencia artificial},
author={Pastor, Javier},
publisher={Xataka},
month = {october},
year = {2018},
howpublished={\url{https://www.xataka.com/robotica-e-ia/que-inteligencia-artificial}}
}

@MISC{chugh2008mltypes,
title = {Types of Machine Learning and Top 10 Algorithms Everyone Should Know},
author={Chugh, Jay},
publisher={Oracle},
month = {december},
year = {2018},
howpublished={\url{https://blogs.oracle.com/datascience/types-of-machine-learning-and-top-10-algorithms-everyone-should-know-v2}}
}

@MISC{ceralyticsMLtypes,
title = {Types of Machine Learning and Top 10 Algorithms Everyone Should Know},
publisher={Ceralytics},
howpublished={\url{https://www.ceralytics.com/3-types-of-machine-learning/}}
}

@MISC{apd2019ml,
title = {¿Qué es Machine Learning y cómo funciona?},
publisher={Redacción APD},
month = {march},
year = {2019},
howpublished={\url{https://www.apd.es/que-es-machine-learning/#:~:text=Machine\%20Learning\%20o\%20Aprendizaje\%20autom\%C3\%A1tico,de\%20datos\%20en\%20su\%20sistema.}}
}


@incollection{nilsson2007physical,
  title={The physical symbol system hypothesis: status and prospects},
  author={Nilsson, Nils J},
  booktitle={50 years of artificial intelligence},
  pages={9--17},
  year={2007},
  publisher={Springer}
}
